@online{lizorkin2020,
	author  = "P. Lizorkin",
	title   = "Fractional integration and differentiation",
	url     = "https://encyclopediaofmath.org/index.php?title = Fractional_integration_and_differentiation",
	year    = "2020",
	urldate = "2023-10-01",
}

@online{ozaner2018,
	author  = "Hansha Ozaner",
	title   = "Fractional Derivatives And How to Calculate Them",
	url     = "https://ozanerhansha.medium.com/fractional-calculus-5df53cb6d199",
	year    = "2018",
	urldate = "2023-10-01",
}

@online{simplybeautifulart2016,
    title   = "How do you take the fractional derivative $J^\frac{1}{2}f(x)$ where $f(x) = w\sin(x)$, and where $w$ is a constant?",
    author  = "SimplyBeautifulArt",
    url     = "https://math.stackexchange.com/q/1829900",
	year    = "2016",
	urldate = "2023-10-01",
}

@online{dietrich2023,
    title   = "Fractional derivative of exponential function",
    author  = "Kevin Dietrich",
    url     = "https://math.stackexchange.com/q/4675383",
	year    = "2023",
	urldate = "2023-10-01",
}

@online{mathpagesfrac,
	title   = "Fractional calculus",
	author  = "MathPages",
	url     = "https://mathpages.com/home/kmath616/kmath616.htm",
	urldate = "2023-10-03",
}

@online{morphocular2022,
	title   = "What Lies Between a Function and Its Derivative? | Fractional Calculus",
	author  = "Morphocular",
	url     = "https://www.youtube.com/watch?v=2dwQUUDt5Is",
	year    = "2022",
	urldate = "2023-10-03",
}
